@article{Labib2006,
author="Labib, Khaled and Vemuri, V. Rao",
title="An application of principal component analysis to the detection and visualization of computer network attacks",
journal="Annales Des T{\'e}l{\'e}communications",
year="2006",
month="Feb",
day="01",
volume="61",
number="1",
pages="218--234",
issn="1958-9395",
doi="10.1007/BF03219975",
url="https://doi.org/10.1007/BF03219975"
}

@online{pandasSite,
	title={Python Data Analysis Library},
	howpublished={\url{http://pandas.pydata.org/}}
}

@online{pandasManual,
	title={Pandas Documentation},
	howpublished={\url{http://pandas.pydata.org/pandas-docs/stable/index.html}}
}

@book{anderson2003introduction,
	title={An Introduction to Multivariate Statistical Analysis},
	author={Anderson, T.W.},
	isbn={9780471360919},
	lccn={20234317},
	series={Wiley Series in Probability and Statistics},
	url={https://books.google.it/books?id=Cmm9QgAACAAJ},
	year={2003},
	publisher={Wiley}
}


@book{mardia1979multivariate,
	title={Multivariate analysis},
	author={Mardia, K.V. and Kent, J.T. and Bibby, J.M.},
	isbn={9780124712508},
	lccn={lc79040922},
	series={Probability and mathematical statistics},
	url={https://books.google.it/books?id=bxjvAAAAMAAJ},
	year={1979},
	publisher={Academic Press}
}



